%% This BibTeX bibliography file was created using BibDesk.
%% http://bibdesk.sourceforge.net/


%% Saved with string encoding Unicode (UTF-8) 
@misc{kitchenham2015evidence,
  title={Evidence-based software engineering and systematic reviews},
  author={Kitchenham, Barbara Ann and Budgen, David and Brereton, Pearl},
  year={2015},
  publisher={CRC Press}
}

@article{bavota2011,
	author = {Bavota, Gabriele and {De Lucia}, Andrea and Oliveto, Rocco},
	doi = {10.1016/j.jss.2010.11.918},
	
	
	journal = {Journal of Systems and Software},
	keywords = {Cohesion,Coupling,Empirical studies,Extract Class refactoring,Graph theory,MaxFlow-MinCut},
	number = {3},
	pages = {397--414},
	title = {{Identifying Extract Class refactoring opportunities using structural and semantic cohesion measures}},
	
	volume = {84},
	year = {2011}
}
@article{Bernardi2016,
	author = {Bernardi, Mario Luca and Cimitile, Marta and {Di Lucca}, Giuseppe},
	doi = {10.1002/smr.1769},
	
	journal = {Journal of Software: Evolution and Process},
	number = {5},
	pages = {306--339},
	title = {{Mining static and dynamic crosscutting concerns: a role-based approach}},
	
	
	volume = {28},
	year = {2016}
}
@inproceedings{Eichberg2015,
	address = {New York, NY, USA},
	author = {Eichberg, Michael and Hermann, Ben and Mezini, Mira and Glanz, Leonid},
	booktitle = {Proceedings of the 2015 10th Joint Meeting on Foundations of Software Engineering},
	doi = {10.1145/2786805.2786865},
	
	keywords = {Abstract Interpretation,Finding Bugs,Infeasible Paths,Java,Scalable Analysis},
	pages = {474--484},
	publisher = {ACM},
	title = {{Hidden Truths in Dead Software Paths}},
	
	
	year = {2015}
}

@article{Fokaefs2012,
	author = {Fokaefs, Marios and Tsantalis, Nikolaos and Stroulia, Eleni and Chatzigeorgiou, Alexander},
	doi = {10.1016/j.jss.2012.04.013},
	
	
	journal = {Journal of Systems and Software},
	keywords = {Clustering,Object-oriented programming,Refactoring,Software reengineering},
	number = {10},
	pages = {2241--2260},
	title = {{Identification and application of Extract Class refactorings in object-oriented systems}},
	
	volume = {85},
	year = {2012}
}

@inproceedings{Fontana2015Automatic,
	address = {Piscataway, NJ, USA},
	author = {Fontana, Francesca Arcelli and Ferme, Vincenzo and Zanoni, Marco and Yamashita, Aiko},
	booktitle = {International Workshop on Emerging Trends in Software Metrics, WETSoM},
	doi = {10.1109/WETSoM.2015.14},
	
	
	pages = {44--53},
	publisher = {IEEE Press},
	title = {{Automatic metric thresholds derivation for code smell detection}},
	
	volume = {2015-August},
	year = {2015}
}
@inproceedings{Fontana2013,
	author = {Fontana, Francesca Arcelli and Zanoni, Marco and Marino, Alessandro and M{\"{a}}ntyl{\"{a}}, Mika V.},
	booktitle = {IEEE International Conference on Software Maintenance, ICSM},
	doi = {10.1109/ICSM.2013.56},
	
	
	keywords = {Code smells detection,Machine learning techniques},
	pages = {396--399},
	title = {{Code smell detection: Towards a machine learning-based approach}},
	
	year = {2013},
	address = {Eindhoven, The Netherlands}
}
@inproceedings{Fu2015,
	author = {Fu, Shizhe and Shen, Beijun},
	booktitle = {International Symposium on Empirical Software Engineering and Measurement},
	doi = {10.1109/ESEM.2015.7321194},
	
	
	keywords = {bad smell detection,data mining,software evolutionary history},
	pages = {41--49},
	title = {{Code Bad Smell Detection through Evolutionary Data Mining}},
	
	year = {2015},
	adress = {Beijing, China}
}

@inproceedings{girba2007,
	address = {New York, NY, USA},
	author = {G{\^{i}}rba, T. and Ducasse, S. and Kuhn, Adrian and Marinescu, R. and Daniel, R.},
	booktitle = {Ninth international workshop on Principles of software evolution: in conjunction with the 6th ESEC/FSE joint meeting},
	doi = {10.1145/1294948.1294970},
	
	keywords = {co-change analysis,concept analysis,evolu-},
	volume = {6},
	pages = {89},
	publisher = {ACM},
	title = {{Using concept analysis to detect co-change patterns}},
	
	
	year = {2007}
}

@inproceedings{Griffith2011,
	address = {New York, NY, USA},
	author = {Griffith, Isaac and Wahl, Scott and Izurieta, Clemente},
	booktitle = {Proceedings of the International Workshop on Machine Learning Technologies in Software Engineering (MALETS)},
	doi = {10.1145/2070821.2070826},
	
	keywords = {Automation,Code smell,Measurement,Refactoring,Software engineering,Software evolution},
	pages = {35--42},
	publisher = {ACM},
	title = {{Evolution of legacy system comprehensibility through automated refactoring}},
	
	year = {2011}
}

@article{Kosker2009,
	author = {Kosker, Yasemin and Turhan, Burak and Bener, Ayse},
	doi = {10.1016/j.eswa.2008.12.066},
	
	
	journal = {Expert Systems with Applications},
	keywords = {Naive Bayes,Refactor prediction,Refactoring,Software metrics},
	number = {6},
	pages = {10000--10003},
	title = {{An expert system for determining candidate software classes for refactoring}},
	
	volume = {36},
	year = {2009}
}

@article{Lee2016Cochanging,
	author = {Lee, Shin Jie and Lo, Li Hsiang and Chen, Yu Cheng and Shen, Shi Min},
	doi = {10.1016/j.eswa.2015.09.023},
	
	journal = {Expert Systems with Applications},
	keywords = {Co-changing code volume prediction,Co-changing methods identification},
	pages = {185--194},
	title = {{Co-changing code volume prediction through association rule mining and linear regression model}},
	
	volume = {45},
	year = {2016}
}

@inproceedings{Maneerat2011,
	author = {Maneerat, Nakarin and Muenchaisri, Pomsiri},
	booktitle = {2011 Eighth International Joint Conference on Computer Science and Software Engineering (JCSSE)},
	doi = {10.1109/JCSSE.2011.5930143},
	
	keywords = {Bad-smell,Design Diagram Metrics,Machine Learners,Prediction models,Random Forest,Software Design Model},
	pages = {331--336},
	title = {{Bad-smell prediction from software design model using machine learning techniques}},
	
	year = {2011}
}

@inproceedings{Mkaouer2014,
	address = {New York, NY, USA},
	author = {Mkaouer, Mohamed Wiem and Kessentini, Marouane and Bechikh, Slim and Deb, Kalyanmoy and {{\'{O}} Cinn{\'{e}}ide}, Mel},
	booktitle = {Proceedings of the 2014 conference on Genetic and evolutionary computation - GECCO '14},
	doi = {10.1145/2576768.2598366},
	
	keywords = {code smells,many-objective optimization,software quality},
	pages = {1263--1270},
	publisher = {ACM},
	title = {{High dimensional search-based software engineering}},
	
	
	year = {2014}
}

@inproceedings{Oliveto2011,
	address = {New York, NY, USA},
	author = {Oliveto, Rocco and Gethers, Malcom and Bavota, Gabriele and Poshyvanyk, Denys and {De Lucia}, Andrea},
	booktitle = {Proceeding of the 33rd international conference on Software engineering - ICSE '11},
	doi = {10.1145/1985793.1985913},
	
	
	pages = {820},
	publisher = {ACM},
	title = {{Identifying method friendships to remove the feature envy bad smell}},
	
	
	year = {2011}
}

@inproceedings{Palomba2015Textual,
	address = {Piscataway, NJ, USA},
	author = {Palomba and Fabio},
	booktitle = {Proceedings of the 37th International Conference on Software Engineering - Volume 2},
	pages = {769--771},
	publisher = {IEEE Press},
	title = {{Textual analysis for code smell detection}},
	
	year = {2015}
}

@article{Palomba2015Mining,
	author = {Palomba, Fabio and Bavota, Gabriele and {Di Penta}, Massimiliano and Oliveto, Rocco and Poshyvanyk, Denys and {De Lucia}, Andrea},
	doi = {10.1109/TSE.2014.2372760},
	
	
	journal = {IEEE Transactions on Software Engineering},
	keywords = {Code smells,empirical studies,mining software repositories},
	number = {5},
	pages = {462--489},
	title = {{Mining version histories for detecting code smells}},
	
	volume = {41},
	year = {2015}
}

@inproceedings{Soltanifar2016,
	address = {New York, NY, USA},
	author = {Soltanifar, Behjat and Akbarinasaji, Shirin and Caglayan, Bora and Bener, Ayse Basar and Filiz, Asli and Kramer, Bryan M.},
	booktitle = {Proceedings of the 20th International Database Engineering {\&} Applications Symposium on - IDEAS '16},
	doi = {10.1145/2938503.2938553},
	
	keywords = {Code Smells,Defect Prediction Model,Mining software repositories},
	pages = {148--155},
	publisher = {ACM},
	title = {{Software Analytics in Practice}},
	
	
	year = {2016}
}

@inproceedings{Wang2015,
	address = {New York, NY, USA},
	author = {Wang, Hanzhang and Kessentini, Marouane and Grosky, William and Meddeb, Haythem},
	booktitle = {Proceedings of the 7th International Conference on Management of computational and collective intElligence in Digital EcoSystems - MEDES '15},
	doi = {10.1145/2857218.2857224},
	
	keywords = {data-mining,heuristic search,refactoring},
	volume = {7},
	pages = {35--42},
	publisher = {ACM},
	title = {{On the use of time series and search based software engineering for refactoring recommendation}},
	
	
	year = {2015}
}

@inproceedings{Zibran2012,
	address = {New York, NY, USA},
	author = {Zibran, Minhaz F and Roy, Chanchal K},
	booktitle = {Proceedings of the 27th Annual ACM Symposium on Applied Computing},
	doi = {10.1145/2245276.2231970},
	
	keywords = {clone detection,clone search,maintenance,reengineering},
	pages = {1235--1242},
	publisher = {ACM},
	title = {{IDE-based Real-time Focused Search for Near-miss Clones}},
	
	
	year = {2012}
}

@inproceedings{mkaouer2014refactoring,
	address = {New York, NY, USA},
	author = {Mkaouer, Mohamed Wiem and Kessentini, Marouane and Bechikh, Slim and {\'{O}}'Cinn{\'{e}}ide, Mel and Deb, Kalyanmoy},
	booktitle = {Proceedings of the 2014 conference companion on Genetic and evolutionary computation companion - GECCO Comp '14},
	doi = {10.1145/2598394.2598499},
	
	pages = {187--188},
	publisher = {ACM},
	title = {{Software refactoring under uncertainty}},
	
	
	year = {2014}
}

@article{fenton2007managing,
  title={Managing Risk in the Modern World},
  author={Fenton, Norman and Neil, Martin},
  journal={Application of Bayesian Networks},
  year={2007},
  volume={1},
  number={1},
  pages={1--28}
}

@book{creswell2013research,
  title={Research design: Qualitative, quantitative, and mixed methods approaches},
  author={Creswell, John W},
  year={2013},
  publisher={Sage publications},
  pages={155}
}

@article{kitchenham2010systematic,
	author = {Kitchenham, Barbara and Pretorius, Rialette and Budgen, David and Brereton, O. Pearl and Turner, Mark and Niazi, Mahmood and Linkman, Stephen},
	doi = {10.1016/j.infsof.2010.03.006},
	
	
	journal = {Information and Software Technology},
	keywords = {Mapping study,Software engineering,Systematic literature review,Tertiary study},
	number = {8},
	pages = {792--805},
	publisher = {Elsevier},
	title = {{Systematic literature reviews in software engineering-A tertiary study}},
	
	volume = {52},
	year = {2010}
}

@book{kothari2004research,
  title={Research methodology: Methods and techniques},
  author={Kothari, Chakravanti Rajagopalachari},
  year={2004},
  publisher={New Age International},
  pages={2-3}
}

@inproceedings{bryton2010reducing,
	author = {Bryton, S{\'{e}}rgio and {Brito E Abreu}, Fernando and Monteiro, Miguel},
	booktitle = {Proceedings - 7th International Conference on the Quality of Information and Communications Technology, QUATIC 2010},
	doi = {10.1109/QUATIC.2010.60},
	
	keywords = {Binary Logistic Regression,Code smells,Long Method,Refactoring process},
	series = {7},
	organization = {IEEE},
	pages = {337--342},
	title = {{Reducing subjectivity in code smells detection: Experimenting with the Long Method}},
	year = {2010},
	address = {Porto, Portugal}
}

@inproceedings{khomh2009exploratory,
  title={An exploratory study of the impact of code smells on software change-proneness},
  author={Khomh, Foutse and Di Penta, Massimiliano and Gueheneuc, Yann-Gael},
  booktitle={Working Conference on Reverse Engineering, 2009. WCRE'09.},
  series=16,
  pages={75--84},
  year={2009},
  organization={IEEE},
  address = {Lille, France}
}

@article{khomh2011,
	author = {Khomh, Foutse and Vaucher, Stephane and Gu{\'{e}}h{\'{e}}neuc, Yann Ga{\"{e}}l and Sahraoui, Houari},
	doi = {10.1016/j.jss.2010.11.921},
	
	journal = {Journal of Systems and Software},
	keywords = {Antipatterns,Code smells,Detection},
	number = {4},
	pages = {559--572},
	title = {{BDTEX: A GQM-based Bayesian approach for the detection of antipatterns}},
	
	volume = {84},
	year = {2011}
}

@article{cowell2007modeling,
	author = {Cowell, R. G. and Verrall, R. J. and Yoon, Y. K.},
	
	journal = {The Journal of Risk and Insurance},
	number = {4},
	pages = {795--827},
	publisher = {Wiley Online Library},
	title = {{Modelling Operational Risk With Bayesian Networks}},
	volume = {74},
	year = {2007}
}

@article{zhang2011code,
	archivePrefix = {arXiv},
	arxivId = {1408.1293},
	author = {Zhang, Min and Hall, Tracy and Baddoo, Nathan},
	doi = {10.1002/smr.521},
	eprint = {1408.1293},
	
	
	journal = {Journal of Software Maintenance and Evolution},
	keywords = {Code Bad Smells,Systematic Literature Review,empirical software engi-neering,refactoring},
	number = {3},
	pages = {179--202},
	pmid = {67195556},
	publisher = {Wiley Online Library},
	title = {{Code Bad Smells: A review of current knowledge}},
	volume = {23},
	year = {2011},
	address = {Limerick, Ireland}
}

@incollection{basili2007role,
  title={The role of controlled experiments in software engineering research},
  author={Basili, Victor R},
  booktitle={Empirical Software Engineering Issues. Critical Assessment and Future Directions},
  pages={33--37},
  year={2007},
  publisher={Springer}
}

@inproceedings{yamashita2012code,
	author = {Yamashita, Aiko and Moonen, Leon},
	booktitle = {IEEE International Conference on Software Maintenance, ICSM},
	doi = {10.1109/ICSM.2012.6405287},
	
	
	keywords = {code smells,maintainability evaluation},
	organization = {IEEE},
	pages = {306--315},
	title = {{Do code smells reflect important maintainability aspects?}},
	year = {2012},
	address = {Trento, Italy}
}

@article{mens2004survey,
  title={A survey of software refactoring},
  author={Mens, Tom and Tourw{\'e}, Tom},
  journal={IEEE Transactions on software engineering},
  volume={30},
  number={2},
  pages={126--139},
  year={2004},
  publisher={IEEE}
}

@article{moha2010decor,
	author = {Moha, N and Gu{\'{e}}h{\'{e}}neuc, Yg},
	doi = {10.1109/TSE.2009.50},
	
	
	journal = {IEEE Transactions on Software Engineering},
	keywords = {antipatterns,code smells,design smells,detection,java.,metamodeling,specification},
	number = {1},
	pages = {20--36},
	publisher = {IEEE},
	title = {{DECOR: A method for the specification and detection of code and design smells}},
	volume = {36},
	year = {2010}
}

@article{mantyla2003bad,
	author = {Mantyla, Mika and Vanhanen, Jari and Lassenius, Casper},
	doi = {10.1109/ICSM.2003.1235447},
	
	
	journal = {International Conference on Software Maintenance, 2003. ICSM 2003. Proceedings.},
	keywords = {Cloning,Internet,Logic,Programming,Software maintenance,Software measurement,Software quality,Software systems,Taxonomy,Visualization,bad code smells,code quality,correlations,empirical study,object-oriented context,object-oriented programming,program compilers,software maintenance,software performance evaluation,software quality,taxonomy},
	volume = {OCTOBER},
	pages = {381--384},
	title = {{A taxonomy and an initial empirical study of bad smells in code}},
	
	year = {2003},
	address = {Amsterdam, The Netherlands}
}

@article{hall2014some,
	author = {Hall, Tracy and Zhang, Min and Bowes, David and Sun, Yi},
	doi = {10.1145/2629648},
	
	
	journal = {ACM Transactions on Software Engineering and Methodology},
	keywords = {Software code smells,defects},
	number = {4},
	pages = {1--39},
	publisher = {ACM},
	title = {{Some Code Smells Have a Significant but Small Effect on Faults}},
	volume = {23},
	year = {2014}
}

@inproceedings{palomba2015landfill,
	author = {Palomba, Fabio and Nucci, Dario Di and Tufano, Michele and Bavota, Gabriele and Oliveto, Rocco and Poshyvanyk, Denys and Lucia, Andrea De},
	booktitle = {Mining Software Repositories (MSR), 2015 IEEE/ACM 12th Working Conference on},
	organization = {IEEE},
	pages = {482--485},
	title = {{Landfill : an Open Dataset of Code Smells with Public Evaluation}},
	year = {2015},
	address = {Florence, Italy}
}

@article{marinescu2012assessing,
	author = {Marinescu, Radu},
	doi = {10.1147/JRD.2012.2204512},
	
	
	journal = {IBM Journal of Research and Development},
	number = {5},
	pages = {9:1--9:13},
	publisher = {IBM},
	title = {{Assessing technical debt by identifying design flaws in software systems}},
	volume = {56},
	year = {2012}
}

@inproceedings{vidal2015,
	author = {Vidal, Santiago and Vazquez, Hernan and Diaz-Pace, J. Andres and Marcos, Claudia and Garcia, Alessandro and Oizumi, Willian},
	booktitle = {Proceedings - International Conference of the Chilean Computer Science Society, SCCC},
	doi = {10.1109/SCCC.2015.7416572},
	
	
	pages = {1--6},
	title = {{JSpIRIT: A flexible tool for the analysis of code smells}},
	
	volume = {2016-February},
	year = {2016}
}

@article{lee2011automated,
	author = {Lee, Sukhee and Bae, Gigon and Chae, Heung Seok and Bae, Doo Hwan and Kwon, Yong Rae},
	doi = {10.1002/spe.1031},
	
	journal = {Software - Practice and Experience},
	keywords = {genetic algorithm,refactoring,scheduling},
	number = {5},
	pages = {521--550},
	title = {{Automated scheduling for clone-based refactoring using a competent GA}},
	
	volume = {41},
	year = {2011}
}

@article{li2007empirical,
	author = {Li, Wei and Shatnawi, Raed},
	doi = {10.1016/j.jss.2006.10.018},
	
	journal = {Journal of Systems and Software},
	keywords = {Bad smells,Design evolution,Empirical study,Object-oriented design,Open source software,Software metrics},
	number = {7},
	pages = {1120--1128},
	publisher = {Elsevier},
	title = {{An empirical study of the bad smells and class error probability in the post-release object-oriented system evolution}},
	volume = {80},
	year = {2007}
}

@incollection{easterbrook2008selecting,
	author = {Easterbrook, Steve M. and Singer, J and Storey, M and Damian, D},
	booktitle = {Guide to Advanced Empirical Software Engineering},
	pages = {285--311},
	publisher = {Springer},
	title = {{Selecting empirical methods for Software Engineering research}},
	year = {2007}
}

@inproceedings{khomh2009Bayesian,
	author = {Khomh, F and Vaucher, S and Gueheneuc, Y G and Sahraoui, H},
	booktitle = {Quality Software, 2009. QSIC '09. 9th International Conference on},
	doi = {10.1109/QSIC.2009.47},
	
	
	keywords = {codesmell},
	pages = {305--314},
	title = {{A Bayesian Approach for the Detection of Code and Design Smells}},
	
	year = {2009},
	address = {Jeju, Korea}
}

@misc{globalwebindex1,
	author = {{Global Web Index}},
	howpublished = {Global Web Index},
	keywords = {DispositivosConectados},
	title = {{Digital consumers own 3.64 connected devices}},
	
	year = {2016}
}

@article{ekbia2010fifty,
	author = {Ekbia, Hamid R},
	journal = {Annual review of information science and technology},
	number = {1},
	pages = {201--242},
	publisher = {Wiley Online Library},
	title = {{Fifty Years of Research in Artificial Intelligence}},
	volume = {44},
	year = {2010}
}

@article{jain2010data,
	author = {Jain, A.K.},
	doi = {http://dx.doi.org/10.1016/j.patrec.2009.09.011},
	
	journal = {Pattern Recognition Letters},
	keywords = {Data clustering,Historical developments,King-Sun Fu prize,Perspectives on clustering,User's dilemma},
	number = {8},
	pages = {651--666},
	publisher = {Elsevier},
	title = {{Data clustering: 50 years beyond K-meansstar, open}},
	
	volume = {31},
	year = {2010}
}

@article{shull2008role,
	author = {Shull, Forrest J. and Carver, Jeffrey C. and Vegas, Sira and Juristo, Natalia},
	doi = {10.1007/s10664-008-9060-1},
	
	
	journal = {Empirical Software Engineering},
	keywords = {Experimental infrastructure,Experimental replications,Lab package},
	number = {2},
	pages = {211--218},
	publisher = {Springer},
	title = {{The role of replications in Empirical Software Engineering}},
	volume = {13},
	year = {2008}
}

@inproceedings{bennett2000software,
	author = {Bennett, Keith H. and Rajlich, Vaclav T. V{\'{a}}clav T.},
	booktitle = {Proceedings of the Conference on the Future of Software Engineering},
	doi = {10.1145/336512.336534},
	
	
	keywords = {software evolution},
	organization = {ACM},
	pages = {73 -- 87},
	title = {{Software maintenance and evolution: a roadmap}},
	
	volume = {225},
	year = {2000}
}

@inproceedings{dambros2010impact,
  title={On the impact of design flaws on software defects},
  author={D'Ambros, Marco and Bacchelli, Alberto and Lanza, Michele},
  booktitle={10th International Conference on Quality Software (QSIC) 2010},
  pages={23--31},
  year={2010},
  organization={IEEE},
  address={Zhangjiajie, China}
}

@incollection{zhu2011semi,
  title={Semi-supervised learning},
  author={Zhu, Xiaojin},
  booktitle={Encyclopedia of Machine Learning},
  pages={892--897},
  year={2011},
  publisher={Springer}
}

@article{rattan2013software,
	author = {Rattan, Dhavleesh and Bhatia, Rajesh and Singh, Maninder},
	doi = {10.1016/j.infsof.2013.01.008},
	
	
	journal = {Information and Software Technology},
	keywords = {Clone detection,Model based clone,Semantic clones,Software clone,Systematic literature review},
	number = {7},
	pages = {1165--1199},
	publisher = {Elsevier},
	title = {{Software clone detection: A systematic review}},
	volume = {55},
	year = {2013}
}

@inproceedings{marinescu2004detection,
	author = {Marinescu, Radu},
	booktitle = {IEEE International Conference on Software Maintenance, ICSM},
	doi = {10.1109/ICSM.2004.1357820},
	
	
	keywords = {Design flaws,Design heuristics,Metrics,Object-oriented design,Quality assurance},
	organization = {IEEE},
	pages = {350--359},
	title = {{Detection strategies: Metrics-based rules for detecting design flaws}},
	year = {2004},
	address = {Chicago, Illinois, USA}
}

@inproceedings{olbrich2009evolution,
	author = {Olbrich, Steffen and Cruzes, Daniela S. and Basili, Victor and Zazworka, Nico},
	booktitle = {Proceedings of the 2009 3rd international symposium on empirical software engineering and measurement},
	
	series = {April},
	organization = {IEEE Computer Society},
	pages = {390--400},
	title = {{The Evolution and Impact of Code Smells : A Case Study of Two Open Source Systems What are code smells ?}},
	year = {2009},
	address = {Orlando, FL, USA}
}

@article{kotsiantis2007supervised,
	author = {Kotsiantis, S B},
	journal = {Informatica, An International Journal of Computing and Informatics},
	number = {31},
	pages = {249--268},
	title = {{Supervised Machine Learning : A Review of Classification Techniques}},
	volume = {3176},
	year = {2007}
}

@article{li2017deep,
	archivePrefix = {arXiv},
	arxivId = {1701.07274},
	author = {Li, Yuxi},
	eprint = {1701.07274},
	journal = {arXiv preprint arXiv:1701.07274},
	title = {{Deep Reinforcement Learning: An Overview}},
	
	year = {2017}
}

@article{fontana2016comparing,
    author="Fontana, Francesca
    and M{\"a}ntyl{\"a}, Mika V.
    and Zanoni, Marco
    and Marino, Alessandro",
    title="Comparing and experimenting machine learning techniques for code smell detection",
    journal="Empirical Software Engineering",
    year="2016",
    volume="21",
    number="3",
    pages="1143--1191",
    doi="10.1007/s10664-015-9378-4",
}

@article{jain1999data,
	archivePrefix = {arXiv},
	arxivId = {arXiv:1101.1881v2},
	author = {Jain, A. K. and Murty, M. N. and Flynn, P. J.},
	doi = {10.1145/331499.331504},
	eprint = {arXiv:1101.1881v2},
	
	
	journal = {ACM Computing Surveys},
	number = {3},
	pages = {264--323},
	pmid = {17707831},
	publisher = {Acm},
	title = {{Data clustering: a review}},
	
	volume = {31},
	year = {1999}
}

@inproceedings{tsantalis2011ranking,
	author = {Tsantalis, Nikolaos and Chatzigeorgiou, Alexander},
	booktitle = {Proceedings of the European Conference on Software Maintenance and Reengineering, CSMR},
	doi = {10.1109/CSMR.2011.7},
	
	
	keywords = {Code smell,Forecasting models,Historical volatility,Refactoring,Software history,Software repositories},
	organization = {IEEE},
	pages = {25--34},
	title = {{Ranking refactoring suggestions based on historical volatility}},
	year = {2011}
}

@inproceedings{aggarwal2002integrated,
	author = {Aggarwal, K K and Singh, Y and Chhabra, J K},
	booktitle = {Reliability and Maintainability Symposium, 2002. Proceedings. Annual},
	doi = {10.1109/RAMS.2002.981648},
	
	
	keywords = {documentation quality,fog index,fuzzy model,fuzzy set theory,life-cycle phases,maintenance phase,rule base representation,software maintainability,software maintenance,software measurement,software project managers,software understandability,source-code readability,system documentation},
	organization = {IEEE},
	pages = {235--241},
	title = {{An integrated measure of software maintainability}},
	year = {2002},
	address= {Seattle, WA, USA}
}

@article{gosling1995java,
	author = {Gosling, James and McGilton, Henry},
	
	journal = {Language},
	pages = {86},
	title = {{The Java language environment: a white paper}},
	volume = {1},
	year = {1995}
}

@article{al2015identifying,
	archivePrefix = {arXiv},
	arxivId = {arXiv:1011.1669v3},
	author = {{Al Dallal}, Jehad},
	doi = {10.1016/j.infsof.2014.08.002},
	eprint = {arXiv:1011.1669v3},
	
	
	journal = {Information and Software Technology},
	keywords = {Refactoring activity,Refactoring opportunity,Systematic literature review},
	pages = {231--249},
	pmid = {25246403},
	publisher = {Elsevier},
	title = {{Identifying refactoring opportunities in object-oriented code: A systematic literature review}},
	volume = {58},
	year = {2015}
}

@article{rasool2015review,
	author = {Rasool, Ghulam and Arshad, Zeeshan},
	doi = {10.1002/smr.1737},
	
	
	journal = {Journal of Software: Evolution and Process},
	keywords = {code quality,code smells,design flaws,detection techniques,literature review},
	number = {11},
	pages = {867--895},
	pmid = {67195556},
	publisher = {Wiley Online Library},
	title = {{A review of code smell mining techniques}},
	volume = {27},
	year = {2015}
}

@article{granhem2014model,
	author = {Ghannem, Adnane and {El Boussaidi}, Ghizlane and Kessentini, Marouane},
	doi = {10.1002/smr.1644},
	
	journal = {Journal of Software: Evolution and Process},
	keywords = {genetic algorithm,heuristic method,model evolution,model refactoring,refactoring by example,software maintenance},
	number = {7},
	pages = {692--713},
	title = {{Model refactoring using examples: A search-based approach}},
	
	volume = {26},
	year = {2014}
}

@article{kell2006metabolomics,
	author = {Kell, D B},
	doi = {10.1042/BST0330520},
	
	
	journal = {Biochemical Society transactions},
	number = {Pt 3},
	pages = {520--524},
	pmid = {15916555},
	publisher = {Wiley Online Library},
	title = {{Metabolomics, machine learning and modelling: towards an understanding of the language of cells.}},
	volume = {33},
	year = {2005}
}

@article{wen2012systematic,
	author = {Wen, Jianfeng and Li, Shixian and Lin, Zhiyong and Hu, Yong and Huang, Changqin},
	doi = {10.1016/j.infsof.2011.09.002},
	
	
	journal = {Information and Software Technology},
	keywords = {Machine learning,Software effort estimation,Systematic literature review},
	number = {1},
	pages = {41--59},
	publisher = {Elsevier},
	title = {{Systematic literature review of machine learning based software development effort estimation models}},
	volume = {54},
	year = {2012}
}

@inproceedings{fernandes2016review,
	author = {Fernandes, Eduardo and Oliveira, Johnatan and Vale, Gustavo and Paiva, Thanis and Figueiredo, Eduardo},
	booktitle = {Proceedings of the 20th International Conference on Evaluation and Assessment in Software Engineering - EASE '16},
	doi = {10.1145/2915970.2915984},
	
	keywords = {bad smells,comparative study,detection tools,systematic literature review},
	organization = {ACM},
	pages = {1--12},
	title = {{A review-based comparative study of bad smell detection tools}},
	
	year = {2016},
	address = {Limerick, Ireland}
}

@inproceedings{macia2012automatically,
	author = {Macia, Isela and Garcia, Joshua and Popescu, Daniel and Garcia, Alessandro and Medvidovic, Nenad and von Staa, Arndt},
	booktitle = {11th annual international conference on Aspect-oriented Software Development (AOSD '12)},
	doi = {10.1145/2162049.2162069},
	
	keywords = {Architectural anomalies,Architectural degradation symptoms,Architectural violations,Code anomalies,architectural anomalies,architectural degradation symptoms,architectural violations,code anomalies},
	organization = {ACM},
	pages = {167},
	title = {{Are automatically-detected code anomalies relevant to architectural modularity?}},
	year = {2012},
	address = {Potsdam, Germany}
}

@article{liu2012schedule,
	author = {Liu, Hui and Ma, Zhiyi and Shao, Weizhong and Niu, Zhendong},
	doi = {10.1109/TSE.2011.9},
	
	journal = {IEEE Transactions on Software Engineering},
	keywords = {Scheme,bad smell,detection,effort,schedule,software refactoring},
	number = {1},
	pages = {220--235},
	publisher = {IEEE},
	title = {{Schedule of bad smell detection and resolution: A new way to save effort}},
	volume = {38},
	year = {2012}
}

@article{akay2009support,
	author = {Akay, F. M.},
	journal = {Expert Systems with Applications},
	number = {2},
	pages = {3240--3247},
	publisher = {Elsevier},
	title = {{Support vector machines combined with feature selection for breast cancer diagnosis}},
	volume = {36},
	year = {2009}
}

@inproceedings{counsell2010strategy,
	author = {Counsell, S and Hierons, R M and Hamza, H and Black, S and Durrand, M},
	booktitle = {Proceedings of the 2010 ICSE Workshop on Emerging Trends in Software Metrics},
	doi = {10.1145/1809223.1809228},
	
	
	keywords = {codesmell},
	organization = {ACM},
	pages = {32--38},
	title = {{Is a strategy for code smell assessment long overdue?}},
	year = {2010},
	address = {Cape Town, South Africa}
}

@article{sahin2014code,
	author = {Sahin, Dilan and Kessentini, Marouane and Bechikh, Slim and Deb, Kalyanmoy},
	doi = {10.1145/2675067},
	
	
	journal = {ACM Transactions on Software Engineering and Methodology},
	keywords = {Search-based software engineering,code smells,software quality},
	number = {1},
	pages = {1--44},
	title = {{Code-Smell Detection as a Bilevel Problem}},
	
	
	volume = {24},
	year = {2014}
}

@inproceedings{fokaefs2007jdeodorant,
	author = {Fokaefs, Marios and Tsantalis, Nikolaos and Chatzigeorgiou, Alexander},
	booktitle = {Software Maintenance, 2007. ICSM 2007. IEEE International Conference on},
	organization = {IEEE},
	pages = {519--520},
	title = {{Jdeodorant: Identification and removal of feature envy bad smells}},
	year = {2007},
	address = {Paris, France}
}

@techreport{fittkau2011controlled,
    month = {July},
    author = {Fittkau, Florian},
    series = {Seminar Empirical Methods SuSe 2011},
    address = {Kiel, Germany},
    title = {Controlled Experiments in Software Engineering},
    note = {Working Paper},
    publisher = {Department of Computer Science, Kiel University},
    year = {2011},
    institution = {Kiel University},
    keywords = {Controlled Experiments, Software Engineering},
    
}

@article{shatnawi2008effectiveness,
	author = {Shatnawi, Raed and Li, Wei},
	doi = {10.1016/j.jss.2007.12.794},
	
	
	journal = {Journal of Systems and Software},
	keywords = {Class error proneness,Design evolution,Empirical study,Error-severity categories,Object-oriented metrics,Open source software},
	number = {11},
	pages = {1868--1882},
	publisher = {Elsevier},
	title = {{The effectiveness of software metrics in identifying error-prone classes in post-release software evolution process}},
	volume = {81},
	year = {2008}
}

@article{juristo2013basics,
	archivePrefix = {arXiv},
	arxivId = {arXiv:1011.1669v3},
	author = {Juristo, Natalia and Moreno, Ana M},
	journal = {Analysis},
	doi = {10.1007/978-1-4757-3304-4},
	eprint = {arXiv:1011.1669v3},
	
	
	pages = {420},
	pmid = {12197152},
	publisher = {Springer Science {\&} Business Media},
	title = {{Basics of Software Engineering Experimentation}},
	volume = {5/6},
	year = {2001}
}

@article{walter2016relationship,
	author = {Walter, Bartosz and Alkhaeir, Tarek},
	doi = {10.1016/j.infsof.2016.02.003},
	
	
	journal = {Information and Software Technology},
	keywords = {Code smells,Design patterns,Empirical study,Software evolution},
	pages = {127--142},
	publisher = {Elsevier},
	title = {{The relationship between design patterns and code smells: An exploratory study}},
	volume = {74},
	year = {2016}
}

@incollection{keele2007guidelines,
  title={Guidelines for performing systematic literature reviews in software engineering},
  author={Keele, Staffs},
  booktitle={Technical report, Ver. 2.3 EBSE Technical Report. EBSE},
  year={2007},
  publisher={sn}
}

@article{jaafar2016evaluating,
	author = {Jaafar, Fehmi and Gu??h??neuc, Yann Ga??l and Hamel, Sylvie and Khomh, Foutse and Zulkernine, Mohammad},
	doi = {10.1007/s10664-015-9361-0},
	
	
	journal = {Empirical Software Engineering},
	keywords = {Anti-patterns,Change proneness,Co-change,Design patterns,Faults proneness,Static relationships},
	number = {3},
	pages = {896--931},
	publisher = {Springer},
	title = {{Evaluating the impact of design pattern and anti-pattern dependencies on changes and faults}},
	volume = {21},
	year = {2016}
}

@inproceedings{yamashita2013developers,
	author = {Yamashita, Aiko and Moonen, Leon},
	booktitle = {Proceedings - Working Conference on Reverse Engineering, WCRE},
	doi = {10.1109/WCRE.2013.6671299},
	
	
	keywords = {code analysis tools,code smell detection,code smells,maintainability,refactoring,survey,usability},
	pages = {242--251},
	title = {{Do developers care about code smells? An exploratory survey}},
	volume = {13},
	year = {2013},
	address = {Koblenz, Germany}
}

@book{fowler1999refactoring,
  title={Refactoring: improving the design of existing code},
  author={Fowler, Martin and Beck, Kent},
  year={1999},
  publisher={Addison-Wesley Professional},
  pages={62--70}
}

@article{hripcsak2005agreement,
  title={Agreement, the f-measure, and reliability in information retrieval},
  author={Hripcsak, George and Rothschild, Adam S},
  journal={Journal of the American Medical Informatics Association},
  volume={12},
  number={3},
  pages={296--298},
  year={2005},
  publisher={The Oxford University Press}
}

@inproceedings{moha2006automatic,
	author = {Moha, N and Gueheneuc, Y g. and Leduc, P},
	booktitle = {21st IEEE/ACM International Conference on Automated Software Engineering (ASE'06)},
	doi = {10.1109/ASE.2006.22},
	
	keywords = {Algorithm design and analysis,Books,Debugging,Design methodology,Detection algorithms,Informatics,Operations research,Programming,Software maintenance,Software quality,antipatterns,code smells,detection algorithm,formal specification,program debugging,program diagnostics,software design defects,software development,software maintenance},
	organization = {IEEE},
	pages = {297--300},
	title = {{Automatic Generation of Detection Algorithms for Design Defects}},
	year = {2006}
}

@article{doostmohammadi2017day,
	author = {Doostmohammadi, Ali and Amjady, Nima and Zareipour, Hamidreza},
	doi = {10.1109/TPWRS.2017.2654363},
	
	journal = {IEEE Transactions on Power Systems},
	pages = {1--1},
	publisher = {IEEE},
	title = {{Day-ahead Financial Loss/Gain Modeling and Prediction for a Generation Company}},
	
	year = {2017},
	volume = {PP},
	number = 99
}

@book{brown1998antipatterns,
	author = {Brown, William J and Malveau, Raphael C and Mowbray, Thomas J and Wiley, John},
	booktitle = {Crisis},
	
	pages = {281--284},
	pmid = {4491024},
	publisher = {John Wiley {\&} Sons, Inc.},
	title = {{AntiPatterns: Refactoring Software , Architectures, and Projects in Crisis}},
	
	volume = {3},
	year = {1998}
}

@inproceedings{macia2012supporting,
	author = {MacIa, Isela and Arcoverde, Roberta and Cirilo, Elder and Garcia, Alessandro and {Von Staa}, Arndt},
	booktitle = {IEEE International Conference on Software Maintenance, ICSM},
	doi = {10.1109/ICSM.2012.6405348},
	
	
	keywords = {architectural problem,code anomaly,pattern},
	organization = {IEEE},
	pages = {662--665},
	title = {{Supporting the identification of architecturally-relevant code anomalies}},
	year = {2012}
}

@misc{comptia,
	author = {Criteo},
	booktitle = {January},
	number = {January},
	title = {{E-Commerce Industry Outlook 2015}},
	
	year = {2015}
}

@inproceedings{mantyla2004bad,
	author = {Mantyla, M.V. and Vanhanen, J. and Lassenius, C.},
	booktitle = {20th IEEE International Conference on Software Maintenance, 2004. Proceedings.},
	doi = {10.1109/ICSM.2004.1357825},
	
	
	keywords = {Companies,Current measurement,Finnish software product company,Internet,Programming,Quality assessment,Software design,Software maintenance,Software measurement,Software quality,Software tools,bad code smell,code evaluation,code modules,poor software structures,program diagnostics,software houses,software metrics,software performance evaluation,source code metrics,subjective evaluation},
	organization = {IEEE},
	pages = {399--408},
	title = {{Bad smells: humans as code critics}},
	
	year = {2004},
	address = {Chicago, Illinois, USA}
}

@article{sjoberg2013quantifying,
	author = {Sjoberg, Dag I K and Yamashita, Aiko and Anda, Bente C D and Mockus, Audris and Dyba, Tore},
	doi = {10.1109/TSE.2012.89},
	
	
	journal = {IEEE Transactions on Software Engineering},
	keywords = {Maintainability,code churn,object-oriented design,product metrics},
	number = {8},
	pages = {1144--1156},
	publisher = {IEEE},
	title = {{Quantifying the effect of code smells on maintenance effort}},
	volume = {39},
	year = {2013}
}

@inproceedings{palomba2014reallysmell,
  title={Do they really smell bad? a study on developers' perception of bad code smells},
  author={Palomba, Fabio and Bavota, Gabriele and Di Penta, Massimiliano and Oliveto, Rocco and De Lucia, Andrea},
  booktitle={Software maintenance and evolution (ICSME), 2014 IEEE international conference on},
  pages={101--110},
  year={2014},
  organization={IEEE}
}

@inproceedings{tufano2015and,
	author = {Tufano, Michele and Palomba, Fabio and Bavota, Gabriele and Olivetox, Rocco and {Di Penta}, Massimiliano and {De Lucia}, Andrea and Poshyvanyk, Denys},
	booktitle = {Proceedings - International Conference on Software Engineering},
	doi = {10.1109/ICSE.2015.59},
	
	
	organization = {IEEE Press},
	pages = {403--414},
	title = {{When and why your code starts to smell bad}},
	volume = {1},
	year = {2015},
	address = {Florence, Italy}
}

@inproceedings{ferme2013real,
	author = {Ferme, Vincenzo and Marino, Alessandro and Fontana, Francesca Arcelli},
	booktitle = {International Workshop on Refactoring {\&} Testing (RefTest) 2013},
	title = {{Is it a Real Code Smell to be Removed or not?}},
	year = {2013},
	address = {Wien, Austria}
}

@inproceedings{bryton2009strengthening,
	author = {Bryton, S{\'{e}}rgio and Abreu, Fernando Britoe},
	booktitle = {4th International Conference on Software Engineering Advances, ICSEA 2009},
	doi = {10.1109/ICSEA.2009.90},
	
	keywords = {Quality analysis and evaluation techniques,Review and audit,Software design,Software engineering tools and methods,Software quality tools},
	organization = {IEEE},
	pages = {570--575},
	title = {{Strengthening refactoring: Towards software evolution with quantitative and experimental grounds}},
	year = {2009},
	address = {Porto, Portugal}
}

@article{murphy2012we,
	author = {Murphy-hill, Emerson and Parnin, Chris and Black, Andrew P},
	
	journal = {IEEE Transactions on Software Engineering},
	number = {1},
	pages = {55--57},
	publisher = {IEEE},
	title = {{How We Refactor , and How We Know It}},
	volume = {38},
	year = {2012}
}

@article{hall2009weka,
	author = {Hall, Mark and Frank, Eibe and Holmes, Geoffrey and Pfahringer, Bernhard and Reutemann, Peter and Witten, Ian H},
	doi = {10.1145/1656274.1656278},
	
	
	journal = {SIGKDD Explorations Newsletter},
	number = {1},
	pages = {10},
	publisher = {ACM},
	title = {{The WEKA data mining software}},
	
	volume = {11},
	year = {2009}
}

@inproceedings{seng2006search,
	author = {Seng, Olaf and Stammel, Johannes and Burkhart, David},
	booktitle = {Proceedings of the 8th Annual Conference on Genetic and Evolutionary Computation},
	doi = {10.1145/1143997.1144315},
	
	keywords = {design heuristics,evolutionary algorithms,refactoring,software metrics},
	organization = {ACM},
	pages = {1909--1916},
	title = {{Search-based Determination of Refactorings for Improving the Class Structure of Object-oriented Systems}},
	
	year = {2006},
	address = {Seattle, WA, USA}
}

@article{fontana2012automatic,
	author = {Fontana, Francesca Arcelli and Braione, Pietro and Zanoni, Marco},
	doi = {10.5381/jot.2012.11.2.a5},
	
	journal = {Journal of Object Technology},
	keywords = {Code smell detection tools,Code smells,Refactoring,Software quality evaluation},
	number = {2},
	pages = {1--5},
	title = {{Automatic detection of bad smells in code: An experimental assessment}},
	volume = {11},
	year = {2012}
}

@article{abran1993measurement,
	author = {Abran, Alain and Nguyenkim, Hong},
	doi = {10.1002/smr.4360050202},
	
	
	journal = {Journal of Software Maintenance: Research and Practice},
	keywords = {Maintenance measurements,Maintenance productivity ratios,Maintenance statistics,Maintenance work products categories,Measurement program},
	pages = {63--90},
	publisher = {Wiley Online Library},
	title = {{Measurement of the maintenance process from a demand???based perspective}},
	volume = {5},
	number = {2},
	year = {1993}
}
